<?xml version="1.0" encoding="UTF-8"?><collection xmlns="http://www.loc.gov/MARC21/slim"><record><leader>00399nam--2200133-i-4500</leader><controlfield tag="001">000037057</controlfield><controlfield tag="002">20161230</controlfield><controlfield tag="005">20161230201041</controlfield><controlfield tag="008">060222s1000------------r-----000-0-eng-d</controlfield><datafield ind1=" " ind2=" " tag="080"><subfield code="a">621-52</subfield></datafield><datafield ind1=" " ind2=" " tag="245"><subfield code="a">Probleme de automatizare. trad.di l.sovietica de specialitate</subfield></datafield><datafield ind1=" " ind2=" " tag="260"><subfield code="a">Bucuresti, Ed.Acad.R.P.R., 1954-1956</subfield></datafield><datafield ind1=" " ind2=" " tag="490"><subfield code="a">Isrs. Biblioteca Analelor Romino-sovietice.. Seria Tehnica</subfield></datafield><datafield ind1=" " ind2=" " tag="852"><subfield code="a">3160</subfield></datafield></record></collection>